<?xml version="1.0" encoding="UTF-8"?><collection xmlns="http://www.loc.gov/MARC21/slim"><record><leader>00552nam--2200169-i-4500</leader><controlfield tag="001">000040554</controlfield><controlfield tag="002">20161230</controlfield><controlfield tag="005">20161230201042</controlfield><controlfield tag="008">060222s1000------------r-----000-0-eng-d</controlfield><datafield ind1=" " ind2=" " tag="040"><subfield code="a">IFIN-HH</subfield></datafield><datafield ind1=" " ind2=" " tag="080"><subfield code="a">539.211</subfield></datafield><datafield ind1="1" ind2=" " tag="100"><subfield code="a">Scheck, Florian</subfield></datafield><datafield ind1="1" ind2="0" tag="245"><subfield code="a">On the possibility of studying the dipole-giant resonances in heavy deformed nuclei by means of high energetic electrons</subfield><subfield code="c">Florian scheck</subfield></datafield><datafield ind1=" " ind2=" " tag="260"><subfield code="a">Rehovoth, Israel</subfield><subfield code="b">The Weizmann Institute Of Science</subfield><subfield code="c">/F.An</subfield></datafield><datafield ind1=" " ind2=" " tag="300"><subfield code="a">53P.+7 FIG</subfield></datafield><datafield ind1=" " ind2=" " tag="852"><subfield code="a">20782</subfield><subfield code="c">539.17</subfield></datafield><datafield ind1=" " ind2=" " tag="CAT"><subfield code="a">Sys</subfield><subfield code="c">20120529</subfield><subfield code="h">162146</subfield></datafield></record></collection>